@ONLINE {RBS:12,
    author = "RBS, Russian Bureau of Statistics",
    title  = "Population of the Russian Federation by Languages (in Russian)",
    month  = "oct",
    year   = "2012",
    url    = "http://www.gks.ru/free_doc/new_site/perepis2010/croc/Documents/Vol4/pub-04-05.pdf"
}

@ONLINE {wiki-speechsynthesis,
    author = "Wikipedia",
    title  = "Speech Synthesis",
    month  = "apr",
    year   = "2019",
    url    = "https://en.wikipedia.org/wiki/Speech_synthesis"
}

@ONLINE {wiki-lexanalysis,
    author = "Wikipedia",
    title  = "Lexical Analysis",
    month  = "apr",
    year   = "2019",
    url    = "https://en.wikipedia.org/wiki/Lexical_analysis"
}

@ONLINE {moz-lpc,
    author = "Mozilla",
    title  = "GitHub Repository: lpcnet",
    month  = "apr",
    year   = "2019",
    url    = "https://github.com/mozilla/LPCNet"
}

@ONLINE {espeak-cv,
    author = "Harry Zhang",
    title  = "GitHub Repository: eSpeakNG",
    month  = "apr",
    year   = "2019",
    url    = "https://github.com/Contextualist/espeak-ng"
}

@ONLINE {jrmeyer-voice,
    author = "Josh Meyer",
    title  = "Let's make a Chuvash voice!",
    month  = "apr",
    year   = "2016",
    url    = "http://jrmeyer.github.io/tts/2016/12/09/tts-workshop.html"
}

@ONLINE {jrmeyer-espeak,
    author = "Josh Meyer",
    title  = "How to Add a Language to eSpeak NG",
    month  = "apr",
    year   = "2016",
    url    = "http://jrmeyer.github.io/tts/2016/07/03/How-to-Add-a-Language-to-eSpeak-NG.html"
}

@ONLINE {lpcnet-doc,
    author = "Jean-Marc Valin",
    title  = "LPCNet: DSP-Boosted Neural Speech Synthesis",
    month  = "apr",
    year   = "2018",
    url    = "https://people.xiph.org/~jm/demo/lpcnet/"
}

@ONLINE {ossian-git,
    author = "CSTR-Edinburgh",
    title  = "GitHub Repository: Ossian",
    year   = "2018",
    url    = "https://github.com/CSTR-Edinburgh/Ossian"
}

@ONLINE {espeak-ng,
    author = "	Reece Dunn",
    title  = "GitHub Repository: espeak-ng",
    year   = "2019",
    url    = "https://github.com/espeak-ng/espeak-ng/"
}

@ONLINE {espeak-og,
    author = "	Jonathan Duddington",
    title  = "eSpeak text to speech",
    year   = "2013",
    url    = "http://espeak.sourceforge.net/"
}

@BOOK{taylor-tts,
    author = "Paul Taylor",
    title  = "Text-to-Speech Synthesis",
    year   = "2009",
    publisher = "Cambridge University Press"
    url    = "https://people.xiph.org/~jm/demo/lpcnet/"
}

