@ONLINE {RBS:12,
    author = "RBS, Russian Bureau of Statistics",
    title  = "Population of the Russian Federation by Languages (in Russian)",
    month  = "oct",
    year   = "2012",
    url    = "http://www.gks.ru/free_doc/new_site/perepis2010/croc/Documents/Vol4/pub-04-05.pdf"
}

@ONLINE {wiki-speechsynthesis,
    author = "Wikipedia",
    title  = "Speech Synthesis",
    month  = "apr",
    year   = "2019",
    url    = "https://en.wikipedia.org/wiki/Speech_synthesis"
}

@ONLINE {wiki-lexanalysis,
    author = "Wikipedia",
    title  = "Lexical Analysis",
    month  = "apr",
    year   = "2019",
    url    = "https://en.wikipedia.org/wiki/Lexical_analysis"
}